@Article{RadiationExposure,
	author = {K. Schuetze and M. Kraus and A. Eickhoff and F. Gebhard and P. H. Richter},
	title = {Radiation exposure for intraoperative 3D scans in a hybrid operating room: how to reduce radiation exposure for the surgical team},
	journal = {International Jurnal of Computer Assisted Radiology and Surgery},
	year = 2017,
	url = {https://link.springer.com/article/10.1007%2Fs11548-018-1747-1},
	timestamp = {2018-27-05T00:30},
	publisher = {Springer Link}
}
@InBook{HybridOR,
	author = {Georg Nollert andThomas Hartkens and Anne Figel and Clemens Bulitta and Franziska Altenbeck and Vanessa Gerhard},
	editor = {Prof. Cuneyt Narin},
	title = {Special Topics in Cardiac Surgery},
	chapter = {The Hybrid Operating Room},
	pages = 308,
	publisher = {InTech},
	year = 2012,
	url = {http://www.intechopen.com/books/special-topics-in-cardiac-surgery/the-hybrid-operating-room},
	timestamp = {2018-05-26T22:45},
	isbn = {978-953-51-0148-2}
}
@Article{ORofTheFuture,
	author = {Jacques Kpodonu, M.D.},
	title = {Hybrid Cardiovascular Suite: The Operating Room of the Future},
	journal = {Jurnal of Cardiac Surgery},
	year = 2010,
	publisher = {Google Scholar},
	url = {https://onlinelibrary.wiley.com/doi/full/10.1111/j.1540-8191.2010.01111.x},
	timestamp = {2018-05-26T15:45}
}
@Article{BrainShiftInTumorResection,
	author = {Siming Bayer and Andreas Maier and Martin Ostermeier and Rebecca Fahrig},
	title = {Intraoperative Imaging Modalities and Compensation for Brain Shift in Tumor Resection Surgery},
	journal = {International Jurnal of Biomedical Imaging},
	year = 2017,
	url = {https://www.hindawi.com/journals/ijbi/2017/6028645/},
	timestamp = {2018-04-30T20:00},
	publisher = {Hindawi}
}
@Article{TickendeBombeImBauch,
	url = {http://www.innovations-report.de/html/berichte/medizin-gesundheit/tickende-bombe-bauch-aortenaneurysma-hybrid-op-213189.html },
	timestamp = {2018-04-30T17:30},
	title = {Tickende Bombe im Bauch: Aortenaneurysma im Hybrid-OP heute sicher behandeln},
	year = 2013,
	journal = {innovations report}
}
@electronic{Aortenaneurysma,
	url = {http://www.schoen-kliniken.de/ptp/medizin/organe/herz-blut/aorten-aneurysma/},
	timestamp = {2018-05-21T21:00},
	title = {Aortenaneurysma},
	publisher = {Sch\"on Klinik}
}
@Article{DresdnerUniklinikum,
	author = {Holger Ostermeyer},
	title = {Dresdner Uniklinikum nimmt High-End-Hybrid-OP in Betrieb},
	journal = {innovations report},
	year = 2018,
	url = {http://www.innovations-report.de/html/berichte/medizintechnik/dresdner-uniklinikum-nimmt-high-end-hybrid-op-in-betrieb.html},
	timestamp = {2018-04-40T16:00}
}
@Article{AerzteZeitung,
	author = {Christina Bauer},
	title = {Hybrid-OP verschaffen \"Arzten mehr Durchblick},
	journal = {\"ArzteZeitung},
	year = 2018,
	timestamp = {2018-05-21T19:45},
	url = {https://www.aerztezeitung.de/praxis_wirtschaft/medizintechnik/article/961807/medizintechnik-hybrid-op-verschaffen-aerzten-durchblick.html},
	publisher = {Springer Medizin}
}
@Article{OPderZukunft,
	author = {Prof. Dr. med. Andreas Raabe},
	title = {Operieren im OP der Zukunft},
	journal = {innovations report},
	year = 2017,
	timestamp = {2018-04-30T16:00},
	url = {http://www.innovations-report.de/html/berichte/medizintechnik/operieren-im-op-der-zukunft.html }
}
@Article{SHG-Kliniken,
	author = {Dr. Helmut Isringhaus},
	title = {Saarl\"andische SHG-Kliniken setzen im Hybrid-OP auf h\"ochsten Hygienestandard},
	journal = {innovations report},
	year = 2012,
	timestamp = {2018-04-30T15:45},
	url = {http://www.innovations-report.de//html/berichte/medizin-gesundheit/saarlaendische-shg-kliniken-setzen-hybrid-op-201121.html }
}
@Article{TechnicalConsiderations,
	author = {unknown},
	title = {The Cardiovascular Hybrid OR-Clinical and Technical Considerations},
	journal = {CTSNet},
	year = 2011,
	url = {http://www.ctsnet.org/article/cardiovascular-hybrid-or-clinical-technical-considerations},
	timestamp = {2018-04-30T16:15}
}
@electronic{Getinge,
	url = {https://www.getinge.com/int/solutions/hospital-departments/hybrid-or/},
	timestamp = {2018-04-23T11:00},
	title = {The Hybrid OR is the future of surgery}
}
@electronic{Maquet,
	url = {https://www.maquet.com/int/product-articles/hybrid-or/},
	timestamp = {2018-04-23T10:55},
	title = {Hybrid OR}
}
@electronic{KarlStorz,
	url = {https://www.karlstorz.com/de/en/karl-storz-or1.html},
	timestamp = {2018-04-23T10:20},
	title = {OR1}
}
@Article{HybriderVsKonventioneller,
	author = {N. Attigah and S. Demirel and M. Hakimi and H.Bruijnen and O. Sch{\"o}ffski and A. M{\"u}ller and U. Geis and D. B{\"o}ckler},
	title = {Hybridoperationssaal vs. konventioneller Operationssaal - Betriebswirtschaftliche Gegen{\"u}berstellung in der Gef{\"a}{\ss}chirurgie am Beispiel der endovaskul{\"a}ren Aneurysmachirurgie},
	journal = {Der Chirurg},
	year = 2017,
	url = {https://link.springer.com/article/10.1007%2Fs00104-017-0457-5},
	timestamp = {2018-26-05T15:25},
	publisher = {Springer Link}
}
@Book{DerDigitaleOperationssaal,
	author = {Niederlag, W. and Lemke, H. U. and Strau{\ss}, G. and Feu{\ss}ner, H.},
	title = {Der Digitale Operationssaal},
	publisher = {De Gruyter},
	year = 2012
}
@electronic{deininger1992studienarbeiten,
	added-at = {2014-10-23T15:32:48.000+0200},
	address = {Wiesbaden},
	author = {Deininger, Marcus and Lichter, Horst and Ludewig, Jochen and Schneider, Kurt},
	biburl = {https://www.bibsonomy.org/bibtex/25ea6ba2d92623c2665d2bc419c71ee8d/sdo},
	description = {Studien-Arbeiten - Springer},
	interhash = {6bbd920991ddcf3e854477773ec5d05e},
	intrahash = {5ea6ba2d92623c2665d2bc419c71ee8d},
	isbn = {9783322993755 3322993752},
	keywords = {arbeiten leitfaden studien vorbereitung},
	publisher = {Vieweg+Teubner Verlag},
	refid = 863887227,
	timestamp = {2014-10-23T15:32:48.000+0200},
	title = {Studien-Arbeiten ein Leitfaden zur Vorbereitung, Durchf\"uhrung und Betreuung von Studien-, Diplom- und Doktorarbeiten am Beispiel Informatik},
	url = {http://link.springer.com/book/10.1007/978-3-322-99375-5},
	year = 1992
}
